<record><leader>00000cas a22000007a 4500</leader><controlfield tag="001">35780003</controlfield><controlfield tag="008">961023d19391958ncucr ne      0    0eng d</controlfield><datafield ind1=" " ind2=" " tag="010"><subfield code="a">sn 96086025 </subfield></datafield><datafield ind1=" " ind2=" " tag="040"><subfield code="a">NVJ</subfield><subfield code="b">eng</subfield><subfield code="c">NVJ</subfield><subfield code="d">OCLCQ</subfield></datafield><datafield ind1=" " ind2=" " tag="042"><subfield code="a">msc</subfield></datafield><datafield ind1="0" ind2="4" tag="245"><subfield code="a">The Thomasville tribune.</subfield></datafield><datafield ind1=" " ind2=" " tag="260"><subfield code="a">Thomasville, N.C. :</subfield><subfield code="b">W.A. Kennedy</subfield></datafield><datafield ind1=" " ind2=" " tag="300"><subfield code="a">v.</subfield></datafield><datafield ind1=" " ind2=" " tag="310"><subfield code="a">Semiweekly,</subfield><subfield code="b">Apr. 9, 1940-</subfield></datafield><datafield ind1=" " ind2=" " tag="321"><subfield code="a">Triweekly,</subfield><subfield code="b">Dec. 13, 1939-Apr. 5, 1940</subfield></datafield><datafield ind1="0" ind2=" " tag="362"><subfield code="a">Vol. 1, no. 1 (Feb. 2, 1940)-v. 72, no. 53 (July 3, 1958).</subfield></datafield><datafield ind1=" " ind2=" " tag="515"><subfield code="a">Sample issues were published beginning with Vol. 0, no. 0 on Dec. 13, 1939.</subfield></datafield><datafield ind1=" " ind2=" " tag="752"><subfield code="a">United States</subfield><subfield code="b">North Carolina</subfield><subfield code="c">Davidson</subfield><subfield code="d">Thomasville.</subfield></datafield><datafield ind1="0" ind2="5" tag="780"><subfield code="t">Thomasville news-times</subfield><subfield code="w">(DLC)sn 96086024</subfield></datafield><datafield ind1="0" ind2="0" tag="785"><subfield code="t">Thomasville times (Thomasville, N.C. : 1958)</subfield><subfield code="w">(DLC)sn 96086026</subfield></datafield></record>